<record><leader>00000cas a22000007a 4500</leader><controlfield tag="001">10678783</controlfield><controlfield tag="008">840501d1868187uwvuwr ne      0    0eng d</controlfield><datafield ind1=" " ind2=" " tag="010"><subfield code="a">sn 84026796 </subfield></datafield><datafield ind1=" " ind2=" " tag="040"><subfield code="a">NPU</subfield><subfield code="b">eng</subfield><subfield code="c">NPU</subfield><subfield code="d">NPX</subfield><subfield code="d">WVC</subfield><subfield code="d">OCL</subfield><subfield code="d">WVC</subfield><subfield code="d">DLC</subfield><subfield code="d">WVC</subfield><subfield code="d">OCL</subfield><subfield code="d">OCLCQ</subfield></datafield><datafield ind1=" " ind2=" " tag="012"><subfield code="b">3</subfield></datafield><datafield ind1=" " ind2=" " tag="019"><subfield code="a">13032675</subfield></datafield><datafield ind1=" " ind2=" " tag="042"><subfield code="a">msc</subfield></datafield><datafield ind1="0" ind2=" " tag="130"><subfield code="a">West Virginian (Fairmont, W. Va. : 1868)</subfield></datafield><datafield ind1="1" ind2="4" tag="245"><subfield code="a">The West Virginian.</subfield></datafield><datafield ind1=" " ind2=" " tag="260"><subfield code="a">Fairmont, W. Va. :</subfield><subfield code="b">H[enry] W. Rook &amp; C[harles] M. Shinn</subfield></datafield><datafield ind1=" " ind2=" " tag="300"><subfield code="a">v. ;</subfield><subfield code="c">61 cm.</subfield></datafield><datafield ind1=" " ind2=" " tag="310"><subfield code="a">Weekly</subfield></datafield><datafield ind1="1" ind2=" " tag="362"><subfield code="a">Began in 1868.</subfield><subfield code="z">Cf. Lough, Glenn d. Now and Long Ago.</subfield></datafield><datafield ind1=" " ind2=" " tag="500"><subfield code="a">Publishers: Josiah Dillon, 1868-18??; Henry W. Rook &amp; Charles M. Shinn, 18??-1873; Henry W. Rook, 1873-1875; A.H. Fleming &amp; Lamar C. Powell, 1875-187? Cf. Dunnington, George A. Hist. &amp; Progress of the County of Marion W. Va . ...</subfield></datafield><datafield ind1=" " ind2=" " tag="500"><subfield code="a">Editors: O.U. Nohoo &amp; P.D. Youst.</subfield></datafield><datafield ind1=" " ind2=" " tag="515"><subfield code="a">Publication suspended for unknown time after fire destroyed office in 1876.</subfield></datafield><datafield ind1=" " ind2=" " tag="588"><subfield code="a">Description based on: Vol. 2, no. 6 (Feb. 10, 1870).</subfield></datafield><datafield ind1=" " ind2=" " tag="752"><subfield code="a">United States</subfield><subfield code="b">West Virginia</subfield><subfield code="c">Marion</subfield><subfield code="d">Fairmont.</subfield></datafield><datafield ind1="0" ind2="0" tag="780"><subfield code="t">Fairmont vedette</subfield><subfield code="w">(DLC)sn 86092031</subfield></datafield><datafield ind1="0" ind2="0" tag="785"><subfield code="t">Fairmont West Virginian (Fairmont, W. Va. : 1876)</subfield><subfield code="w">(DLC)sn 86092027</subfield></datafield></record>